@article{GJK, 
	author={Gilbert, Elmer. G, JOHNSON,  Daniel W. and Keerth, S. Sathiya}, 
	journal={IEEE Journal of Robotics and Automation}, 
	title={A Fast Procedure for Computing the Distance Between Complex Objects in Three-Dimensional Space}, 
	year={1988}, 
	volume={4}, 
	number={2}, 
	pages={193 - 203}
}


@inproceedings{Sulaiman,
	author={Sulaiman, Hamzah Asyrani and Bade, Abdullah and Abdullah, Mohd Harun},
	title={Distance computation using axis aligned bounding box (AABB) parallel distribution of dynamic origin point},
	booktitle={Emerging Research Areas and 2013 International Conference on Microelectronics, Communications and Renewable Energy (AICERA/ICMiCR), 2013 Annual International Conference on},
	pages={1--6},
	year={2013},
}

@inproceedings{Guo,
	author={Guo, Kaiqiang and Xia, Jiewu},
	title={An improved algorithm of collision detection in 2D Grapple Games},
	booktitle={Intelligent Information Technology and Security Informatics (IITSI), 2010 Third International Symposium on},
	pages={328--331},
	year={2010},
	organization={IEEE}
}

@ELECTRONIC {harris800,
    author = {{Harris Corporation}},
    title  = {Reference Manual Harris 800 General Purpose Digital Computer},
    year   = {1979},
    url    = {ftp://bitsavers.informatik.uni-stuttgart.de/pdf/harris/0830007-000_Series_800_Reference_Man_Aug79.pdf[Accessed: Nov. 27, 2015]}
}

@article{Gilbert2,
	author={Gilbert, E.G. and Foo, C.P},
	journal={IEEE Transactions on Robotics and Automation},
	title={Computing the distance between general convex objects in three-dimensional space},
	year={1990},
	volume={6},
	number={1},
	pages={53 - 61}
}

@article{lindemanngjk,
  title={The Gilbert-Johnson-Keerthi Distance Algorithm},
  author={Lindemann, Patrick},
  journal={Algorithms in Media Informatics},
  year={2009}
}