+@book{ericson2004real,
+  title={Real-time collision detection},
+  author={Ericson, Christer},
+  year={2004},
+  publisher={CRC Press}
+  pages={7-21}
+}
+
+@phdthesis{udupa1977collision,
+  title={Collision detection and avoidance in computer controlled manipulators},
+  author={Udupa, Shriram Mahabal},
+  year={1977},
+  school={Citeseer}
+}
+
+@book{gregory2009game,
+  title={Game engine architecture},
+  author={Gregory, Jason},
+  year={2009},
+  publisher={CRC Press}
+  pages={603-630}
+}
+
+@inproceedings{liu2008convex,
+  title={Convex hull covering of polygonal scenes for accurate collision detection in games},
+  author={Liu, Rong and Zhang, Hao and Busby, James},
+  booktitle={Proceedings of graphics interface 2008},
+  pages={203--210},
+  year={2008},
+  organization={Canadian Information Processing Society}
+}
+
+@article{hazelden2d,
+  title={2D Simulation of Rigid Bodies},
+  author={Hazelden, Alan}
+  pages={16-24}
+}
