@article{guo,
	author={Kaiqiang Guo},
	journal={Intelligent Information Technology and Security Informatics},
	title={An Improved Algorithm of Collision Detection in 2D Grapple Games },
	year={2010},
	pages={328 - 331}
}

@article{Tan,
	author={Tan, Yunlan},
	journal={International Conference on Information Engineering and Computer Science, 2009. ICIECS 2009 },
	title={The Design of Collision Detection Algorithm in 2D Grapple Games},
	year={2009},
	pages={1-4}
}

@article{Mulley,
	author={Mulley, G},
	journal={8th EUROSIM Congress on Modelling and Simulation},
	title={The Construction of a Predictive Collision 2D Game Engine},
	year={2013},
	pages={68 - 72}
}

@article{name,
	author={},
	journal={},
	title={},
	year={},
	volume={},
	number={},
	pages={}
}

@article{Chen,
	author={Chen, Jin-Liang; Liu, J.S; Wan-Chi Lee },
	journal={ICRA IEEE International Conference on Robotics and Automation },
	title={A recursive algorithm of obstacles clustering for reducing complexity of collision detection in 2D environment},
	year={2001},
	volume={4},
	pages={3795 - 3800}
}