@inproceedings{<mulley2013construction>,
  title={The Construction of a Predictive Collision 2D Game Engine},
  author={Mulley, Gaius},
  booktitle={Modelling and Simulation (EUROSIM), 2013 8th EUROSIM Congress on},
  pages={68--72},
  year={2013},
  organization={IEEE}
}
@inproceedings{<guo2010improved>,
  title={An improved algorithm of collision detection in 2D Grapple Games},
  author={Guo, Kaiqiang and Xia, Jiewu},
  booktitle={Intelligent Information Technology and Security Informatics (IITSI), 2010 Third International Symposium on},
  pages={328--331},
  year={2010},
  organization={IEEE}
}
@inproceedings{<sulaiman2013distance>,
  title={Distance computation using axis aligned bounding box (AABB) parallel distribution of dynamic origin point},
  author={Sulaiman, Hamzah Asyrani and Othman, MA and Ismail, MM and Said, Meor and Alice, Maizatul and Ramlee, Azri and Misran, MH and Bade, Abdullah and Abdullah, Mohd Harun},
  booktitle={Emerging Research Areas and 2013 International Conference on Microelectronics, Communications and Renewable Energy (AICERA/ICMiCR), 2013 Annual International Conference on},
  pages={1--6},
  year={2013},
  organization={IEEE}
}
@article{<nykl2014interactive>,
  title={Interactive Mesostructures withVolumetric Collisions},
  author={Nykl, Scott and Mourning, Chad and Chelberg, David},
  journal={Visualization and Computer Graphics, IEEE Transactions on},
  volume={20},
  number={7},
  pages={970--982},
  year={2014},
  publisher={IEEE}
}
@article{<bendjilali2009collision>,
  title={Collision course by transformation of coordinates and plane decomposition},
  author={Bendjilali, K and Belkhouche, Fethi},
  journal={Robotica},
  volume={27},
  number={04},
  pages={499--509},
  year={2009},
  publisher={Cambridge Univ Press}
}