@article{Smith2011,
	author  = "Gillian Smith and Jim Whitehead and Michael Mateas and Mike Treanor and Jameka March and Mee Cha",
	title   = "Launchpad: A rhythm-based level generator for 2-D Platformers",
	journal = "IEEE Transactions on Computational Intelligence and AI in Games",
	volume  = "3",
	month   = mar,
	year    = "2011",
	pages   = "1-16"
}

@inproceedings{Jennings2010:Model,
	title={Polymorph: A model for dynamic level generation},
	author={Jennings-Teats, Martin and Smith, Gillian and Wardrip-Fruin, Noah},
	booktitle={Sixth AAAI Conference on Artificial Intelligence and Interactive Digital Entertainment},
	address={Stanford, California}
 	year={2010}
	pages={138-143}
}

@inproceedings{Jennings2010:DDA,
  	title={Polymorph: dynamic difficulty adjustment through level generation},
 	author={Jennings-Teats, Martin and Smith, Gillian and Wardrip-Fruin, Noah},
  	booktitle={Proceedings of the 2010 Workshop on Procedural Content Generation in Games},
	address={New York, USA}
  	pages={1-4},
  	year={2010},
}

@INPROCEEDINGS{Dahlskog2014,
	author={Dahlskog, S. and Togelius, J.},
	title={A multi-level level generator},
	booktitle={Computational Intelligence and Games (CIG), 2014 IEEE Conference on},
	address= {Dortmund, Germany}
	year={2014},
	pages={1-8},
	month={aug},
}

@inproceedings{Dahlskog2012,
  	title={Patterns and procedural content generation: revisiting Mario in world 1 level 1},
  	author={Dahlskog, Steve and Togelius, Julian},
  	booktitle={Proceedings of the First Workshop on Design Patterns in Games},
  	pages={1},
  	year={2012},
}

@book{Kremers2009,
	author    = {R. Kremers},
	title     = "Level Design: Concept, Theory, and Practice",
	publisher = "A.K. Peters",
	address   = "United States",
	year      = "2009"
	pages={263-267}
}

@INPROCEEDINGS{Huang2010,
	author={Wan Huang and Suoju He and Delin Chang and Yanan Hao},
	booktitle={Advanced Computational Intelligence (IWACI), 2010 Third International Workshop on},
	title={Dynamic difficulty adjustment realization based on adaptive neuro-controlled game opponent},
	year={2010},
	pages={66-71},
	month={aug}

@inproceedings{Hunicke2005,
 author = {Hunicke, Robin},
 title = {The Case for Dynamic Difficulty Adjustment in Games},
 booktitle = {Proceedings of the 2005 ACM SIGCHI International Conference on Advances in Computer Entertainment Technology},
 series = {ACE '05},
 year = {2005},
 location = {Valencia, Spain},
 pages = {429--433},
 numpages = {5},
 url = {http://doi.acm.org/10.1145/1178477.1178573},
 doi = {10.1145/1178477.1178573},
 acmid = {1178573},
 publisher = {ACM},
 address = {New York, USA},
} 