@INPROCEEDINGS{<5453586>, 
author={Kaiqiang Guo and Jiewu Xia}, 
booktitle={Intelligent Information Technology and Security Informatics (IITSI), 2010 Third International Symposium on}, 
title={An Improved Algorithm of Collision Detection in 2D Grapple Games}, 
year={2010}, 
pages={328-331}, 
keywords={Boolean algebra;collision avoidance;computer games;2D Grapple games;Boolean judgment;axis-aligned circle;axis-aligned rectangle;collision detection;collision handling;Algorithm design and analysis;Computational modeling;Computer aided manufacturing;Computer simulation;Detection algorithms;Informatics;Information security;Information technology;Object detection;Shape;algorithm;collision detection;coordinate;rectangular areas}, 
doi={10.1109/IITSI.2010.176}, 
month={April},}

@INPROCEEDINGS{<7004920>, 
author={Mulley, G.}, 
booktitle={Modelling and Simulation (EUROSIM), 2013 8th EUROSIM Congress on}, 
title={The Construction of a Predictive Collision 2D Game Engine}, 
year={2013}, 
pages={68-72}, 
keywords={computational geometry;computer games;discrete event simulation;source code (software);acceleration;discrete event simulation;orbit rotational velocity;positional velocity;predictive collision 2D game engine;program code;Acceleration;Engines;Games;Mathematical model;Orbits;Polynomials}, 
doi={10.1109/EUROSIM.2013.22}, 
month={Sept},}

@INPROCEEDINGS{<5363537>, 
author={Yunlan Tan and Changxin Liu and Youru Yu}, 
booktitle={Information Engineering and Computer Science, 2009. ICIECS 2009. International Conference on}, 
title={The Design of Collision Detection Algorithm in 2D Grapple Games}, 
year={2009}, 
pages={1-4}, 
keywords={computer games;computer graphics;object detection;2D grapple games;3D environment;axis-aligned rectangles;collision detection algorithm design;collision object coordinate system;data control system load;data files;object vertexes;photography coordinates;world coordinate system;Algorithm design and analysis;Control systems;Detection algorithms;Educational institutions;Information science;Layout;Motion control;Motion detection;Object detection;Photography}, 
doi={10.1109/ICIECS.2009.5363537}, 
month={Dec},}